<record><leader>00000cas a2200000 a 4500</leader><controlfield tag="001">13142638</controlfield><controlfield tag="008">860212d18741875iduwr ne      0    0eng c</controlfield><datafield ind1=" " ind2=" " tag="010"><subfield code="a">sn 86091108 </subfield></datafield><datafield ind1=" " ind2=" " tag="040"><subfield code="a">UNP</subfield><subfield code="b">eng</subfield><subfield code="c">UNP</subfield><subfield code="d">NVB</subfield><subfield code="d">CNK</subfield><subfield code="d">OCLCQ</subfield><subfield code="d">CUI</subfield><subfield code="d">OCLCQ</subfield><subfield code="d">OCLCF</subfield><subfield code="d">DLC</subfield></datafield><datafield ind1=" " ind2=" " tag="042"><subfield code="a">pcc</subfield></datafield><datafield ind1=" " ind2=" " tag="043"><subfield code="a">n-us-id</subfield></datafield><datafield ind1=" " ind2="4" tag="050"><subfield code="a">AN2.I2</subfield><subfield code="b">N67</subfield></datafield><datafield ind1="0" ind2=" " tag="130"><subfield code="a">Northerner (Lewiston, Idaho)</subfield></datafield><datafield ind1="1" ind2="4" tag="245"><subfield code="a">The northerner.</subfield></datafield><datafield ind1=" " ind2=" " tag="260"><subfield code="a">Lewiston, North Idaho :</subfield><subfield code="b">Whitson &amp; Donner,</subfield><subfield code="c">1874-1875.</subfield></datafield><datafield ind1=" " ind2=" " tag="300"><subfield code="a">v.</subfield></datafield><datafield ind1=" " ind2=" " tag="310"><subfield code="a">Weekly</subfield></datafield><datafield ind1="0" ind2=" " tag="362"><subfield code="a">Vol. 1, no. 1 (Sept. 12, 1874)-v. 1, no. 39 (June 5, 1875).</subfield></datafield><datafield ind1=" " ind2="0" tag="651"><subfield code="a">Lewiston (Idaho)</subfield><subfield code="v">Newspapers.</subfield></datafield><datafield ind1=" " ind2="0" tag="651"><subfield code="a">Nez Perce County (Idaho)</subfield><subfield code="v">Newspapers.</subfield></datafield><datafield ind1=" " ind2="7" tag="651"><subfield code="a">Idaho</subfield><subfield code="z">Lewiston.</subfield><subfield code="2">fast</subfield><subfield code="0">(OCoLC)fst01217687</subfield></datafield><datafield ind1=" " ind2="7" tag="651"><subfield code="a">Idaho</subfield><subfield code="z">Nez Perce County.</subfield><subfield code="2">fast</subfield><subfield code="0">(OCoLC)fst01217661</subfield></datafield><datafield ind1=" " ind2="7" tag="655"><subfield code="a">Newspapers.</subfield><subfield code="2">fast</subfield><subfield code="0">(OCoLC)fst01423814</subfield></datafield><datafield ind1=" " ind2=" " tag="752"><subfield code="a">United States</subfield><subfield code="b">Idaho</subfield><subfield code="c">Nez Perce</subfield><subfield code="d">Lewiston.</subfield></datafield><datafield ind1="0" ind2="8" tag="776"><subfield code="i">Online version:</subfield><subfield code="t">Northerner (Lewiston, Idaho : Online)</subfield><subfield code="w">(OCoLC)192107460</subfield></datafield><datafield ind1="0" ind2="0" tag="780"><subfield code="t">Idaho signal</subfield><subfield code="x">2575-2545</subfield><subfield code="w">(DLC)sn 86091107</subfield><subfield code="w">(OCoLC)13142176</subfield></datafield><datafield ind1="1" ind2=" " tag="029"><subfield code="a">AU@</subfield><subfield code="b">000025795529</subfield></datafield></record>